@Manual{R,
    title = {R: A Language and Environment for Statistical Computing},
    author = {{R Core Team}},
    organization = {R Foundation for Statistical Computing},
    address = {Vienna, Austria},
    year = {2015},
    url = {http://www.R-project.org/},
  }

@article{Tibshirani:1996,
  Author = {Tibshirani, R.},
	Journal = {Journal of the Royal Statistical Society Series B: Statistical Methodology},
	Number = {1},
	Pages = {267--288},
	Title = {Regression shrinkage and selection via the lasso},
	Volume = {58},
	Year = {1996},
    url = {https://doi.org/10.1111/j.2517-6161.1996.tb02080.x}
}

@article{Breiman:1995,
  Author = {Breiman, L.},
	Journal = {Technometrics},
	Number = {4},
	Pages = {373--384},
	Title = {Better subset regression using the nonnegative garrote},
	Volume = {37},
	Year = {1995},
    url = {https://www.jstor.org/stable/1269730}
}

@article{Hoerl:1970,
  Author = {Hoerl, A. E. and Kennard, R. W.},
	Journal = {Technometrics},
	Number = {1},
	Pages = {55--67},
	Title = {Ridge regression: Biased estimation for nonorthogonal problems},
	Volume = {12},
	Year = {1970},
    url = {https://www.jstor.org/stable/1271436}
}

@article{Zou:2005,
  Author = {Zou, H. and Hastie, T.},
	Journal = {Journal of the Royal Statistical Society Series B: Statistical Methodology},
	Number = {2},
	Pages = {301-320},
	Title = {Regularization and variable selection via the elastic net},
	Volume = {67},
	Year = {2005},
    url = {https://doi.org/10.1111/j.1467-9868.2005.00527.x}
}

@article{Fan:2001,
  Author = {Fan, J. and Li, R.},
	Journal = {Journal of the American statistical Association},
	Number = {456},
	Pages = {1348--1360},
	Title = {Variable selection via nonconcave penalized likelihood and its oracle properties},
	Volume = {96},
	Year = {2001},
    url = {https://doi.org/10.1198/016214501753382273}
}

@article{Lin:2006,
  Author = {Lin, Y. and Zhang, H. H.},
	Journal = {The Annals of Statistics},
	Number = {5},
	Pages = {2272--2297},
	Title = {Component Selection and Smoothing in Multivariate Nonparametric Regression},
	Volume = {34},
	Year = {2006},
    url = {http://www.jstor.org/stable/25463508}
}

@article{Leng:2006,
  Author = {Leng, C. and Zhang, H. H.},
	Journal = {Nonparametric Statistics},
	Number = {7-8},
	Pages = {417--429},
	Title = {Model selection in nonparametric hazard regression.},
	Volume = {18},
	Year = {2006},
    url = {https://doi.org/10.1080/10485250601027042}
}

@article{Simon:2011,
  Author = {Simon, N. and Friedman, J. and Hastie, T. and and Tibshirani, R.},
	Journal = {Journal of statistical software},
	Number = {5},
	Pages = {1--13},
	Title = {Regularization paths for Cox's proportional hazards model via coordinate descent},
	Volume = {39},
	Year = {2011},
    url = {https://doi.org/10.18637/jss.v039.i05}
}

@article{Friedman:2010,
  Author = {Friedman, J. H. and Hastie, T. and Tibshirani, R.},
	Journal = {Journal of statistical software},
	Number = {1},
	Pages = {1--11},
	Title = {Regularization paths for generalized linear models via coordinate descent},
	Volume = {33},
	Year = {2010},
    url = {https://doi.org/10.18637/jss.v033.i01}
}

@article{Zhang:2006,
  Author = {Zhang, H. H. and Lin, Y.},
	Journal = {Statistica Sinica},
	Number = {3},
	Pages = {1021-1041},
	Title = {Component selection and smoothing for nonparametric regression in exponential families},
	Volume = {16},
	Year = {2006},
    url = {https://www.jstor.org/stable/24307585}
}

@article{Breiman:1984,
  Author = {Breiman, L. and Friedman, J. and Olshen, R. and Stone, C.},
	Journal = {},
	Number = {},
	Pages = {},
	Title = {Classification and regression trees},
	Volume = {},
	Year = {1984},
    url = {}
}

@article{Friedman:1989,
  Author = {Friedman, J. H. and Silverman, B. W.},
	Journal = {Technometrics},
	Number = {1},
	Pages = {3--21},
	Title = {Flexible parsimonious smoothing and additive modeling},
	Volume = {31},
	Year = {1989},
    url = {https://www.jstor.org/stable/1270359}
}

@article{Hastie:1989,
  Author = {Hastie, T. and Stuetzle, W.},
	Journal = {Journal of the American statistical association},
	Number = {406},
	Pages = {502--516},
	Title = {Principal curves},
	Volume = {84},
	Year = {1989},
    url = {https://www.jstor.org/stable/2289936}
}

@article{Friedman:1991,
  Author = {Friedman, J. H.},
	Journal = {The annals of statistics},
	Number = {1},
	Pages = {1--67},
	Title = {Multivariate adaptive regression splines},
	Volume = {19},
	Year = {1991},
    url = {https://www.jstor.org/stable/2241837}
}

@book{Wahba:1990,
  Author = {Wahba, G.},
  Title = {Spline models for observational data},
  Publisher = {Society for industrial and applied mathematics},
  Year = {1990}
}
@book{Gu:2013,
  Author = {Gu, C. and Gu, C.},
  Title = {Counting processes and survival analysis},
  Number = {15},
  Publisher = {Smoothing spline ANOVA models},
  Volume = {297},
  Year = {2013}
}

@article{Peterson:2021,
  Author = {Peterson, S. and Ibrahim, M. and Anderson, P. L. and Moore, C. M. and MaWhinney, S.},
	Journal = {Journal of Pharmacokinetics and Pharmacodynamics},
	Number = {5},
	Pages = {655--669},
	Title = {A comparison of covariate selection techniques applied to pre-exposure prophylaxis (PrEP) drug concentration data in men and transgender women at risk for HIV},
	Volume = {48},
	Year = {2021},
    url = {https://doi.org/10.1007/s10928-021-09763-y}
}

@article{Ibrahim:2021,
  Author = {Ibrahim, S. and Radchenko, P. and Ben-David, E. and Mazumder, R.},
	Journal = {arXiv preprint},
	Title = {Predicting Census Survey Response Rates With Parsimonious Additive Models and Structured Interactions},
	Year = {2021},
    url = {https://doi.org/10.48550/arXiv.2108.11328}
}

@article{Kimeldorf:1971,
  Author = {Kimeldorf, G. and Wahba, G.},
	Journal = {Journal of mathematical analysis and applications},
	Number = {1},
	Pages = {82--95},
	Title = {Some results on Tchebycheffian spline functions},
	Volume = {33},
	Year = {1971},
    url = {https://doi.org/10.1016/0022-247X(71)90184-3}
}

@Manual{Breast:1993,
  title = {Breast Cancer Wisconsin (Diagnostic) [Dataset]},
	author = {Wolberg, W. and Mangasarian, O. and Street, N., and Street, W.},
	organization = {UCI Machine Learning Repository},
    Year = {1993},
    url = {https://doi.org/10.24432/C5DW2B}
}

@article{Trivedi:2002,
  Author = {Def, P. and Trivedi, P. K.},
	Journal = {Journal of health economics},
	Number = {4},
	Pages = {601--625},
	Title = {The structure of demand for health care: latent class versus two-part models},
	Volume = {21},
	Year = {2002},
    url = {https://doi.org/10.1016/S0167-6296(02)00008-5}
}

@book{Fleming:2013,
  Author = {Fleming, T. R. and {David P. Harrington}},
  Title = {Counting processes and survival analysis},
  Publisher = {John Wiley {\&} Sons},
  Volume = {625},
  Year = {2013}
}

@article{cameron1988microeconometric,
    author = {Cameron, A. C. and Trivedi, P. K. and Milne, Frank and Piggott, J.},
    title = {A Microeconometric Model of the Demand for Health Care and Health Insurance in Australia},
    journal = {The Review of Economic Studies},
    volume = {55},
    number = {1},
    pages = {85--106},
    year = {1988},
    month = {01},
    doi = {10.2307/2297531}
}


@book{Montgomery:2021,
  Author = {Montgomery, D. C. and Peck, E. A. and Vining, G. G.},
  Title = {Introduction to linear regression analysis},
  Publisher = {John Wiley {\&} Sons},
  Year = {2021}
}

@article{Dempsey:2017,
    author = {Dempsey, A. B. and Reitz, R. D.},
    title = {Computational optimization of a heavy-duty compression ignition engine fueled with conventional gasoline},
    journal = {SAE International Journal of Engines},
    volume = {4},
    number = {1},
    pages = {338--359},
    year = {2017},
    doi = {https://doi.org/10.4271/2011-01-0356}
}

@article{Kavuri:2017,
    author = {Kavuri, C. and Kokjohn, S. L.},
    title = {Computational optimization of a reactivity controlled compression ignition (RCCI) combustion system considering performance at multiple modes simultaneously},
    journal = {Fuel},
    volume = {207},
    pages = {702--718},
    year = {2017},
    doi = {https://doi.org/10.1016/j.fuel.2017.06.071}
}

@article{Breslow:1974,
    author = {Breslow, N},
    title = {Covariance analysis of censored survival data},
    journal = {Biometrics},
    volume = {30},
    number = {1},
    pages = {89--99},
    year = {1974},
    doi = {https://doi.org/10.2307/2529620}
}
